<?xml version="1.0" encoding="UTF-8"?><collection xmlns="http://www.loc.gov/MARC21/slim"><record><leader>00486nam--2200181-i-4500</leader><controlfield tag="001">000037413</controlfield><controlfield tag="002">20161230</controlfield><controlfield tag="005">20161230201041</controlfield><controlfield tag="008">060222s1000------------r-----000-0-eng-d</controlfield><datafield ind1=" " ind2=" " tag="040"><subfield code="a">IFIN-HH</subfield></datafield><datafield ind1=" " ind2=" " tag="080"><subfield code="a">536.45:541.118</subfield></datafield><datafield ind1="1" ind2=" " tag="100"><subfield code="a">Rouse, Carl A</subfield></datafield><datafield ind1="1" ind2="0" tag="245"><subfield code="a">Progress in high temperature physics and chemistry</subfield><subfield code="c">Carl a. rouse (ed.)</subfield></datafield><datafield ind1=" " ind2=" " tag="260"><subfield code="a">Oxford</subfield><subfield code="b">Pergamon Press</subfield></datafield><datafield ind1=" " ind2=" " tag="300"><subfield code="a">4 VOLUME</subfield></datafield><datafield ind1="1" ind2=" " tag="787"><subfield code="a">Vol. 5</subfield><subfield code="d">1973</subfield><subfield code="h">215p</subfield></datafield><datafield ind1=" " ind2=" " tag="852"><subfield code="a">27545</subfield><subfield code="c">536</subfield></datafield><datafield ind1=" " ind2=" " tag="CAT"><subfield code="a">Sys</subfield><subfield code="c">20110506</subfield><subfield code="h">111621</subfield></datafield></record></collection>